<record><leader>00000cas a22000007a 4500</leader><controlfield tag="001">13486351</controlfield><controlfield tag="008">860423d19681981wiudn ne      0    0eng d</controlfield><datafield ind1=" " ind2=" " tag="010"><subfield code="a">sn 86086449 </subfield></datafield><datafield ind1=" " ind2=" " tag="040"><subfield code="a">NPV</subfield><subfield code="b">eng</subfield><subfield code="c">NPV</subfield><subfield code="d">OCLCQ</subfield></datafield><datafield ind1=" " ind2=" " tag="032"><subfield code="a">464620</subfield><subfield code="b">USPS</subfield></datafield><datafield ind1=" " ind2=" " tag="042"><subfield code="a">msc</subfield></datafield><datafield ind1=" " ind2=" " tag="045"><subfield code="a">x6x8</subfield></datafield><datafield ind1=" " ind2=" " tag="052"><subfield code="a">4123</subfield><subfield code="b">O5</subfield></datafield><datafield ind1="0" ind2=" " tag="130"><subfield code="a">Rhinelander daily news (Rhinelander, Wis. : 1968)</subfield></datafield><datafield ind1="1" ind2="4" tag="245"><subfield code="a">The Rhinelander daily news.</subfield></datafield><datafield ind1="1" ind2="3" tag="246"><subfield code="a">Rhinelander daily news and the new north</subfield></datafield><datafield ind1="1" ind2="3" tag="246"><subfield code="a">Rhinelander news and the new north</subfield></datafield><datafield ind1="1" ind2="3" tag="246"><subfield code="a">Sunday news, the Rhinelander daily news</subfield></datafield><datafield ind1="3" ind2="0" tag="246"><subfield code="a">Sunday news</subfield></datafield><datafield ind1=" " ind2=" " tag="260"><subfield code="a">Rhinelander, Wis. :</subfield><subfield code="b">Northern Lakes Pub.,</subfield><subfield code="c">1968-1981.</subfield></datafield><datafield ind1=" " ind2=" " tag="300"><subfield code="a">32 v. :</subfield><subfield code="b">ill.</subfield></datafield><datafield ind1=" " ind2=" " tag="310"><subfield code="a">Daily (except Sat.)</subfield></datafield><datafield ind1=" " ind2=" " tag="321"><subfield code="a">Daily (except Sun.),</subfield><subfield code="b">Aug. 8, 1968-Sept. 29, 1979</subfield></datafield><datafield ind1="0" ind2=" " tag="362"><subfield code="a">Fifty-first year, no. 120 (Aug. 8, 1968)-61st year, no. 13 (Feb. 28, 1978) ; v. 53, no. 24 (Mar. 1, 1978)-v. 56, no. 266 (Dec. 31, 1981).</subfield></datafield><datafield ind1=" " ind2=" " tag="500"><subfield code="a">Sunday issue entitled: Sunday news, the Rhinelander daily news, Oct. 9, 1979-Dec. 27, 1981.</subfield></datafield><datafield ind1=" " ind2=" " tag="500"><subfield code="a">Editors: K. Gilbertson, Aug. 8, 1968-Dec. 17, 1969.</subfield></datafield><datafield ind1=" " ind2=" " tag="525"><subfield code="a">Supplements accompany some issues.</subfield></datafield><datafield ind1=" " ind2=" " tag="752"><subfield code="a">United States</subfield><subfield code="b">Wisconsin</subfield><subfield code="c">Oneida</subfield><subfield code="d">Rhinelander.</subfield></datafield><datafield ind1="0" ind2="0" tag="780"><subfield code="t">Rhinelander daily news and the new north</subfield><subfield code="w">(DLC)sn 86086448</subfield></datafield><datafield ind1="0" ind2="0" tag="785"><subfield code="t">Daily news (Rhinelander, Wis.)</subfield><subfield code="w">(DLC)sn 83009945</subfield></datafield><datafield ind1="1" ind2=" " tag="029"><subfield code="a">AU@</subfield><subfield code="b">000025287530</subfield></datafield></record>